<?xml version="1.0" encoding="UTF-8"?><collection xmlns="http://www.loc.gov/MARC21/slim"><record><leader>00407nam--2200133-i-4500</leader><controlfield tag="001">000021112</controlfield><controlfield tag="002">20161230</controlfield><controlfield tag="005">20161230201034</controlfield><controlfield tag="008">060222s1000------------r-----000-0-eng-d</controlfield><datafield ind1=" " ind2=" " tag="080"><subfield code="a">541</subfield></datafield><datafield ind1=" " ind2=" " tag="100"><subfield code="a">Heilbronner, Edgar Und Bock, Hans</subfield></datafield><datafield ind1=" " ind2=" " tag="245"><subfield code="a">Das hmo-modell und seine anwendung. iii. tabellen berechneter und experimentelle grossen.</subfield></datafield><datafield ind1=" " ind2=" " tag="260"><subfield code="a">Weinheim/Bergstr, Verlag Chemie, 1970, 270p</subfield></datafield><datafield ind1=" " ind2=" " tag="852"><subfield code="a">77695</subfield></datafield></record></collection>